<?xml version="1.0" encoding="UTF-8"?><collection xmlns="http://www.loc.gov/MARC21/slim"><record><leader>00462nam--2200145-i-4500</leader><controlfield tag="001">000007993</controlfield><controlfield tag="002">20161230</controlfield><controlfield tag="005">20170114222205</controlfield><controlfield tag="008">060222s1000------------r-----000-0-eng-d</controlfield><datafield ind1=" " ind2=" " tag="080"><subfield code="a">621.382.3.04</subfield></datafield><datafield ind1=" " ind2=" " tag="245"><subfield code="a">Calcul des circuits a transistors. Redige par les ingenieurs de la texas instruments incorpo rated. Traduit oar Alain Pasquiou et Pierre Escaron</subfield></datafield><datafield ind1=" " ind2=" " tag="260"><subfield code="a">Paris</subfield><subfield code="b">Dunod</subfield><subfield code="c">1965</subfield></datafield><datafield ind1=" " ind2=" " tag="300"><subfield code="a">XII + 603 p</subfield></datafield><datafield ind1=" " ind2=" " tag="852"><subfield code="a">25712</subfield></datafield><datafield ind1=" " ind2=" " tag="CAT"><subfield code="a">SYS</subfield><subfield code="c">20170114</subfield><subfield code="h">222205</subfield></datafield></record></collection>